@article{mtz_subtour,
    title = {Improvements and extensions to the Miller-Tucker-Zemlin subtour elimination constraints},
    author = {Martin Desrochers and Gilbert Laporte},
    journal = {Operations Research Letters},
    volume = {10},
    number = {1},
    pages = {27-36},
    year = {1991},
    issn = {0167-6377},
    doi = {10.1016/0167-6377(91)90083-2}
}